@book{bachmann_cultural_2006,
   author    = {Bachmann-Medick, Doris},
   title     = {Cultural Turns. Neuorientierungen in den Kulturwissenschaften},
   year      = {2006},
   publisher = {Rowohlt},
   address   = {Reinbek bei Hamburg}
}

@article{beer_grenzziehungen_2009,
   author    = {Beer, Bettina and Koenig, Matthias},
   title     = {Grenzziehungen im System wissenschaftlicher Disziplinen -- der Fall der \enquote{Kulturwissenschaft(en)}},
   journal   = {Sociologia Internationalis},
   volume    = {47},
   number    = {1},
   year      = {2009},
   pages     = {3--38}
}

@incollection{czada_disziplinaere_2002,
   author    = {Czada, Roland},
   title     = {Disziplinäre Identität als Voraussetzung von Interdisziplinarität?},
   booktitle = {Responsive Regulierung. Beiträge zur interdisziplinären Institutionenanalyse und Gesetzesfolgenabschätzung},
   editor    = {Bizer, Kilian and Führ, Martin and Hüttig, Christoph},
   address   = {Tübingen},
   publisher = {Mohr Siebeck},
   year      = {2002},
   pages     = {23--54}
}
